@article{10.1371/journal.pbio.1002195,
    author = {Stephens, Zachary D. AND Lee, Skylar Y. AND Faghri, Faraz AND Campbell, Roy H. AND Zhai, Chengxiang AND Efron, Miles J. AND Iyer, Ravishankar AND Schatz, Michael C. AND Sinha, Saurabh AND Robinson, Gene E.},
    journal = {PLoS Biol},
    publisher = {Public Library of Science},
    title = {Big Data: Astronomical or Genomical?},
    year = {2015},
    month = {07},
    volume = {13},
    url = {http://dx.doi.org/10.1371%2Fjournal.pbio.1002195},
    pages = {1-11},
    abstract = {<p>This perspective considers the growth of genomics over the next ten years and assesses the computational needs that we will face relative to other "Big Data" activities such as astronomy, YouTube, and Twitter.</p>},
    number = {7},
    doi = {10.1371/journal.pbio.1002195}
}